




@book{cite0,
	author = {Jérôme Lafosse},
    title = {Java EE: guide de développement d'applications web en Java},
    year = {2009},
    publisher = {eni éditions}
}
@book{cite1,
	author = {Tobias Oetiker},
    title = {Latex in 157 Minutes: The (Not So) Short Introduction to Latex},
    year = {2015},
}
@misc{cite2,
	author = {Médéric Munier},
    title = {Créez votre application web avec Java EE},
   	howpublished = {\url{<https://openclassrooms.com/>}},
    year = 2017,
    note = "[Online; accessed January-2019]"
}